@misc{uniandes,
	author = {Silvia Restrepo and Daniel Cadena and 
  Mauricio Nieto and Juan Camilo Cardenas and Manuela Fernandez and Pablo Correa},
	title = {¿Cuál es la ciencia que necesita Colombia?},
	howpublished = {\url{https://www.youtube.com/watch?v=UZzDCPUX8tA}},
	year = {2022},
  month = {06},
	note = {[Accessed 21-08-2024]},
}

@legislation{constitucion,
	author = {Asamblea Nacional Constituyente},
	title = {Constituci{\'{o}}n Pol{\'{i}}tica de la Rep{\'{u}}blica de Colombia},
	howpublished = {\url{http://secretariasenado.gov.co/senado/basedoc/constitucion_politica_1991.html}},
	date = {1991-07-21},
	note = {[Accessed 21-08-2024]},
}

@BOOK{tomo1,
  title    = "Convocatoria a la paz grande: declaración de la Comisión para el Esclarecimiento
de la Verdad, la Convivencia y la No Repetición",
  author   = "de la Verdad, Colombia Comisi{\'o}n",
  abstract = "``El Informe Final Hay futuro si hay verdad es una obra de
              dominio p{\'u}blico, que constituye una medida de reparaci{\'o}n
              del derecho a la verdad individual y colectiva de las
              v{\'\i}ctimas del conflicto armado en Colombia, y por tanto debe
              ser objeto de la m{\'a}xima divulgaci{\'o}n. En ese sentido, se
              autoriza a cualquier persona natural o jur{\'\i}dica, p{\'u}blica
              o privada, a reproducir, comunicar y distribuir la
              Declaraci{\'o}n y los tomos del Informe Final, siempre y cuando
              se haga un uso parcial o total de los mismos de manera
              contextualizada, y se reconozcan a la Comisi{\'o}n de la Verdad
              como autor corporativo y a quienes aparecen en los cr{\'e}ditos
              correspondientes de cada tomo y documento en sus diferentes roles
              y actividades''. Editor.",
  date =  {2022-08},
  language = "es"
}

@misc{tomos,
  author   = "de la Verdad, Colombia Comisi{\'o}n",
	title = {{H}ay futuro si hay verdad | {I}nforme {F}inal {C}omisi{\'{o}}n de la {V}erdad --- comisiondelaverdad.co},
	howpublished = {\url{https://www.comisiondelaverdad.co/hay-futuro-si-hay-verdad}},
	date = {2022-08},
	note = {[Accessed 22-08-2024]},
}

@misc{senadoHistoria,
	author = {Senado, Colombia},
	title = {{H}istoria --- senado.gov.co},
	howpublished = {\url{https://www.senado.gov.co/index.php/el-senado/historia}},
	year = {2021},
	note = {[Accessed 22-08-2024]},
}

@misc{senadoMisionVision,
	author = {Senado, Colombia},
	title = {{M}isi{\'{o}}n y {V}isi{\'{o}}n --- senado.gov.co},
	howpublished = {\url{https://www.senado.gov.co/index.php/el-senado/mision-y-vision}},
	year = {2021},
	note = {[Accessed 22-08-2024]},
}

@article{centro,
  issn = {0120-8942},
  journal = {D{\'{i}}kaion},
  language = {eng},
  number = {1},
  pages = {171-194},
  publisher = {Universidad de La Sabana},
  title = {Descentralizaci{\'{o}}n y re-centralizaci{\'{o}}n del poder en Colombia. La b{\'{u}}squeda de equilibrios entre la naci{\'{o}}n y las entidades territoriales},
  volume = {23},
  year = {2014},
  author = {Diana Carolina Valencia-Tello and Vera Karam de Chueiri},
}
@article{otredad,
  copyright = {This work is licensed under a Creative Commons Attribution 4.0 International License.},
  issn = {2011-7477},
  journal = {Eidos (Barranquilla, Colombia)},
  keywords = {Philosophy},
  language = {por},
  number = {29},
  pages = {99-118},
  publisher = {Fundaci{\'{o}}n Universidad del Norte},
  title = {LECTURAS DE LA OTREDAD EN EL MULTICULTURALISMO LEGAL COLOMBIANO},
  year = {2018},
  abstract = {RESUMEN Este art{\'{i}}culo tiene por objetivo demostrar que el multiculturalismo de recepci{\'{o}}n legal en Colombia trae impl{\'{i}}cita una forma restringida de la otredad desde la identidad {\'{e}}tnica, que fija un paradigma de vida vivible y, al mismo tiempo, construye la idea de aislamiento (campo) del otro no esencial. La hip{\'{o}}tesis de trabajo se propone evidenciar que en los debates constituyentes del noventa, la otredad aparece como un concepto presupuesto por el multiculturalismo, el cual simplifica las formas de aparecimiento del otro y con ello fija un paradigma sobre la vida que importa, es decir, un tipo de biopol{\'{i}}tica espec{\'{i}}fica. Para desarrollar esta hip{\'{o}}tesis, el documento se encarga, en primer lugar, de evidenciar que el multiculturalismo en Colombia es principalmente una recepci{\'{o}}n legal que delimita un tipo de otredad espec{\'{i}}fica (identidad {\'{e}}tnica). En segundo lugar, se expone la configuraci{\'{o}}n legal del paradigma del otro desde la identidad {\'{e}}tnica y, finalmente, propone una cr{\'{i}}tica a dicho paradigma, desde la ampliaci{\'{o}}n del concepto de cultura, as{\'{i}} como de la perspectiva de campo y de vida vivible, vali{\'{e}}ndose de los recursos te{\'{o}}ricos en las obras de Stuart Hall y Roberto Esposito.},
  author = {Guzm{\'{a}}n Useche, Nataly},
}
