@article{Articulo1,
  title = {Proton and neutrino extragalactic astronomy},
  author = {Lipari, Paolo},
  journal = {Phys. Rev. D},
  volume = {78},
  issue = {8},
  pages = {083011},
  numpages = {24},
  year = {2008},
  month = {Oct},
  publisher = {American Physical Society},
  doi = {10.1103/PhysRevD.78.083011},
  url = {https://link.aps.org/doi/10.1103/PhysRevD.78.083011}
}
@article{Articulo2,
  title = {Neutrino Astronomy and Intermediate Bosons},
  author = {Bahcall, John N. and Frautschi, Steven C.},
  journal = {Phys. Rev.},
  volume = {135},
  issue = {3B},
  pages = {B788--B791},
  numpages = {0},
  year = {1964},
  month = {Aug},
  publisher = {American Physical Society},
  doi = {10.1103/PhysRev.135.B788},
  url = {https://link.aps.org/doi/10.1103/PhysRev.135.B788}
}
@article{Ejemplo,
  title = {Se deben referenciar TODOS los artículos y textos utilizados. Si se usó una gráfica o una imagen que no ha sido realizada por ustedes debe ser citada. La omisión de una apropiada referencia se considerará como una falta GRAVE, ya que técnicamente se considera plagio. Las referencias deben incluir los títulos de los artículos. Mirar el archivo .bib para ver ejemplos de cómo citar correctamente.}}
