@book{YoungHughD2013Fucf,
year = {2013},
author = {Young, Hugh D and Freedman, Roger A and Ford, A. Lewis and Enriquez Brito, Javier},
address = {México, D.F},
isbn = {607322124X},
keywords = {Física ; Physics},
language = {spa},
publisher = {Pearson Educación},
title = {Física universitaria con física moderna},
}

