@book{OpenStaxSolenoides, 
place={Houston, Texas},
title={Solenoides y Toroides},
volume={3}, 
booktitle={Física universitaria}, 
publisher={OpenStax}, author={Moebbs, William and Ling, Samuel and Sanny, Jeff}, 
year={2021},
} 
@misc{KhanFuerza, 
  url={https://es.khanacademy.org/science/physics/magnetic-forces-and-magnetic-fields/magnets-magnetic/v/magnetism-2}, 
  journal={Khan Academy}, 
  publisher={Khan Academy}, 
  year={2008}, 
  month={Jul}
} 
@misc{Sincrotron, 
  url={https://www.researchgate.net/publication/315778159_Estructura_y_aplicaciones_de_un_sincrotron}, 
  journal={Estructura y aplicaciones de un sincrotrón}, 
  author={Fuentes-Penna, Alejandro and Ruiz-Vanoye, Jorge and Diaz-Parra, Ocotlan}
} 
