@book{Unal_Moderna,
  place={Colombia},
  title={Introduccion a la Fisica Moderna},
  publisher={Universidad Nacional de Colombia},
  author={Mauricio, Garcia Castaneda J and Ewert, De Geus Jeannine},
  year={2003}
}
@book{Notas1,
  place={Colombia},
  title={Origenes de la Mecanica Cuantica},
  publisher={Universidad de los Andes},
  author={Gustavo, Ardila},
  year={2023}
} 
