
@article{newton_principios_nodate,
	title = {Principios matemáticos de la filosofía natural ({Principia})},
	language = {es},
	author = {Newton, Sir Isaac},
	file = {PDF:C\:\\Users\\USER\\Zotero\\storage\\ZY82Z5EE\\Newton - Principios matemáticos de la filosofía natural (Principia).pdf:application/pdf},
}
