
@misc{seabala_feynman_2011,
	title = {Feynman on {Scientific} {Method}.},
	url = {https://www.youtube.com/watch?v=EYPapE-3FRw},
	abstract = {Physicist Richard Feynman explains the scientific and unscientific methods of understanding nature.},
	urldate = {2025-09-17},
	author = {{seabala}},
	month = feb,
	year = {2011},
}
