@misc{ODS,
    title = {Objetivos Sostenibles},
    url = {https://www.un.org/sustainabledevelopment/es/cities/},
    author = {ONU},
    year = {2018},
    note = {Accessed on 09 17, 2024}
}
@misc{Wolfram,
  title = {A Class of Models with the Potential to Represent Fundamental Physics},
  url = {https://www.wolframphysics.org/technical-introduction/},
  author = {Stephen Wolfram},
  year = {2021},
  note = {Accessed on 09 17, 2024}
}

@article{simulacion,
abstract = {Se presenta un modelo de simulación para la evaluación del desempeño de un sistema de transporte público masivo (STPM). El prototipo resultante, es flexible, tanto en la construcción del "esqueleto" de un STPM a partir de un esquema base que proporciona los componentes a usar y las reglas para la ubicación y las relaciones de los mismos, como para el modelamiento de los eventos aleatorios característicos de este tipo de sistemas. El modelo final es una red de colas complementada con elementos adicionales como matrices origen/ destino que permiten considerar fenómenos propios de un STPM. El prototipo permite definir y evaluar medidas de desempeño típicas de las líneas de espera, como por ejemplo, tiempos de permanencia promedio en el sistema y en cola, longitudes esperadas de las colas, etc.},
author = {Serrano, Luz Ángela and Ortiz, Jorge Eduardo},
address = {Bogota},
copyright = {Copyright Universidad Nacional de Colombia 2004},
issn = {0120-0011},
journal = {Revista de la Facultad de Medicina, Universidad Nacional de Colombia},
language = {spa ; eng},
number = {1},
pages = {75-82},
publisher = {Universidad Nacional de Colombia},
title = {Simulación de sistemas de transporte público masivo},
volume = {52},
year = {2004},
}
