@book{French,
author = {French, A. P and Aguilar Peris, José and Rubia Pacheco, J. de la},
address = {Barcelona},
booktitle = {Vibraciones y ondas},
isbn = {8429140980},
keywords = {Vibration},
language = {spa},
publisher = {Editorial Reverte},
title = {Vibraciones y ondas: curso de física del M.I.T.},
year = {1988},
}

@book{Guia,
	author = {Berrio, N.},
	address = {Bogota},
	booktitle = {Guías de Laboratorio Ondas y Fluidos},
	keywords = {Laboratorio},
	language = {spa},
	publisher = {Universidad de los Andes},
	title = {Ondas y Fluidos},
	year = {2019},
}
