@article{Articulo1,
  title = {Proton and neutrino extragalactic astronomy},
  author = {Lipari, Paolo},
  journal = {Phys. Rev. D},
  volume = {78},
  issue = {8},
  pages = {083011},
  numpages = {24},
  year = {2008},
  month = {Oct},
  publisher = {American Physical Society},
  doi = {10.1103/PhysRevD.78.083011},
  url = {https://link.aps.org/doi/10.1103/PhysRevD.78.083011}
}

@article{Ekreem_2007,
author = {Ekreem, N. and Olabi, Abdul Ghani and Prescott, T. and Rafferty, Aran and Hashmi, M.s.J.},
year = {2007},
month = {08},
pages = {96-101},
title = {An overview of magnetostriction, its use and methods to measure these properties},
volume = {191},
journal = {Journal of Materials Processing Technology},
doi = {10.1016/j.jmatprotec.2007.03.064}
}

@misc{Guia,
  author = {{Phywe Systeme GmbH \& Co. KG}},
  title = {{P2430810 Young’s modulus by bending a bar}},
  howpublished = {\url{https://phywe-itemservice.s3.eu-central-1.amazonaws.com/sites/DMS-Phywe/PROD/de-DE/item/phy_itemtestinstruction/P2/P2430811/P2430810_en.pdf}},
  year = {n.d.},
  note = {Accessed: 2025-08-15}
}

@book{callister_2000,
  title={Fundamentals of materials science and engineering},
  author={Callister, William D and Rethwisch, David G},
  volume={471660817},
  year={2000},
  publisher={Wiley London}
}

@article{Piercy_1997,
doi = {10.1088/0031-9120/32/3/014},
url = {https://dx.doi.org/10.1088/0031-9120/32/3/014},
year = {1997},
month = {may},
publisher = {},
volume = {32},
number = {3},
pages = {160},
author = {A R Piercy},
title = {The changing shape of magnetostriction},
journal = {Physics Education},
abstract = {Magnetostriction was discovered over 150 years ago and magnetostrictive materials were widely used in SONAR devices until about 40 years ago. Recently, new 'giant' magnetostrictive materials, which produce strains up to a hundred times greater than the original materials, have been developed and have opened up a wide range of other applications.}
}

@article{Lee_2002,
author = {Lee, E},
year = {2002},
month = {08},
pages = {184},
title = {Magnetostriction and Magnetomechanical Effects},
volume = {18},
journal = {Reports on Progress in Physics},
doi = {10.1088/0034-4885/18/1/305}
}

@book{serway2006fisica,
  title={F{\'\i}sica moderna},
  author={Serway, R.A. and Moses, C.J. and Moyer, C.A. and Villag{\'o}mez, H.},
  isbn={9789706861924},
  url={https://books.google.fr/books?id=2GritAEACAAJ},
  year={2006},
  publisher={International Thomson}
}

@article{Flectcher1994,
  title = {sibyll: An event generator for simulation of high energy cosmic ray cascades},
  author = {Fletcher, R. S. and Gaisser, T. K. and Lipari, Paolo and Stanev, Todor},
  journal = {Phys. Rev. D},
  volume = {50},
  issue = {9},
  pages = {5710--5731},
  numpages = {0},
  year = {1994},
  month = {Nov},
  publisher = {American Physical Society},
  doi = {10.1103/PhysRevD.50.5710},
  url = {https://link.aps.org/doi/10.1103/PhysRevD.50.5710}
}



@article{Articulo2,
  title = {Neutrino Astronomy and Intermediate Bosons},
  author = {Bahcall, John N. and Frautschi, Steven C.},
  journal = {Phys. Rev.},
  volume = {135},
  issue = {3B},
  pages = {B788--B791},
  numpages = {0},
  year = {1964},
  month = {Aug},
  publisher = {American Physical Society},
  doi = {10.1103/PhysRev.135.B788},
  url = {https://link.aps.org/doi/10.1103/PhysRev.135.B788}
}
@article{Ejemplo,
  title = {Se deben referenciar TODOS los artículos y textos utilizados. Si se usó una gráfica o una imagen que no ha sido realizada por ustedes debe ser citada. La omisión de una apropiada referencia se considerará como una falta GRAVE, ya que técnicamente se considera plagio. Las referencias deben incluir los títulos de los artículos. Mirar el archivo .bib para ver ejemplos de cómo citar correctamente. NO WIKIPEDIA. NO HYPERPHISICS. CONSULTAR ARTÍCULOS CIENTÍFICOS
  
  RECOMENDACIÓN: AMERICAN JOURNAL OF PHYSICS.}}
