@book{Guia,
  title = {Guía de laboratorio; Física Moderna},
  author = {Jose Ricardo Mejía and Nicolás Berrío},
  year = {2021},
  publisher = {Universidad de los Andes},
}
@book{Texto_Guia,
  author = {Serway, Raymond A.},
  address = {Belmont, CA},
  booktitle = {Modern physics},
  edition = {3rd edition},
  isbn = {0534493394},
  keywords = {Física},
  language = {eng},
  lccn = {2004101232},
  publisher = {Thomson Brooks/Cole},
  title = {Modern physics },
  year = {2005},
}

@book{Unal_Moderna,
  place={Colombia},
  title={Introduccion a la Fisica Moderna},
  publisher={Universidad Nacional de Colombia},
  author={Mauricio, Garcia Castaneda J and Ewert, De Geus Jeannine},
  year={2003}
} 
@misc{numpy.polyfit, 
  title={Numpy.polyfit}, 
  url={https://numpy.org/doc/stable/reference/generated/numpy.polyfit.html}, 
  journal={numpy.polyfit - NumPy v1.24 Manual}
} 
