@incollection{HandbookGraphite,
title = {3 - Graphite Structure and Properties},
editor = {Hugh O. Pierson},
booktitle = {Handbook of Carbon, Graphite, Diamonds and Fullerenes},
publisher = {William Andrew Publishing},
address = {Oxford},
pages = {43-69},
year = {1993},
isbn = {978-0-8155-1339-1},
doi = {https://doi.org/10.1016/B978-0-8155-1339-1.50008-6},
url = {https://www.sciencedirect.com/science/article/pii/B9780815513391500086},
author = {Hugh O. Pierson}
}

@book{kittel,
  title={Introduction to solid state physics},
  author={Kittel, Charles and McEuen, Paul},
  year={2018},
  publisher={John Wiley \& Sons}
}

@article{Articulo1,
  title = {Proton and neutrino extragalactic astronomy},
  author = {Lipari, Paolo},
  journal = {Phys. Rev. D},
  volume = {78},
  issue = {8},
  pages = {083011},
  numpages = {24},
  year = {2008},
  month = {Oct},
  publisher = {American Physical Society},
  doi = {10.1103/PhysRevD.78.083011},
  url = {https://link.aps.org/doi/10.1103/PhysRevD.78.083011}
}


@book{serway2006fisica,
  title={F{\'\i}sica moderna},
  author={Serway, R.A. and Moses, C.J. and Moyer, C.A. and Villag{\'o}mez, H.},
  isbn={9789706861924},
  url={https://books.google.fr/books?id=2GritAEACAAJ},
  year={2006},
  publisher={International Thomson}
}

@article{Flectcher1994,
  title = {sibyll: An event generator for simulation of high energy cosmic ray cascades},
  author = {Fletcher, R. S. and Gaisser, T. K. and Lipari, Paolo and Stanev, Todor},
  journal = {Phys. Rev. D},
  volume = {50},
  issue = {9},
  pages = {5710--5731},
  numpages = {0},
  year = {1994},
  month = {Nov},
  publisher = {American Physical Society},
  doi = {10.1103/PhysRevD.50.5710},
  url = {https://link.aps.org/doi/10.1103/PhysRevD.50.5710}
}



@article{Articulo2,
  title = {Neutrino Astronomy and Intermediate Bosons},
  author = {Bahcall, John N. and Frautschi, Steven C.},
  journal = {Phys. Rev.},
  volume = {135},
  issue = {3B},
  pages = {B788--B791},
  numpages = {0},
  year = {1964},
  month = {Aug},
  publisher = {American Physical Society},
  doi = {10.1103/PhysRev.135.B788},
  url = {https://link.aps.org/doi/10.1103/PhysRev.135.B788}
}
@article{Ejemplo,
  title = {Se deben referenciar TODOS los artículos y textos utilizados. Si se usó una gráfica o una imagen que no ha sido realizada por ustedes debe ser citada. La omisión de una apropiada referencia se considerará como una falta GRAVE, ya que técnicamente se considera plagio. Las referencias deben incluir los títulos de los artículos. Mirar el archivo .bib para ver ejemplos de cómo citar correctamente. NO WIKIPEDIA. NO HYPERPHISICS. CONSULTAR ARTÍCULOS CIENTÍFICOS
  
  RECOMENDACIÓN: AMERICAN JOURNAL OF PHYSICS.}}
