@book{alma991004950629707681,
author = {Dick, Philip K.},
address = {Madrid ;},
booktitle = {Blade Runner : ¿Sueñan los androides con ovejas eléctricas?},
edition = {Primera edición.},
isbn = {9788435020909},
keywords = {Androides},
language = {spa},
publisher = {Edhasa},
series = {Edhasa. Nebulae},
title = {Blade Runner : ¿Sueñan los androides con ovejas eléctricas? },
year = {2008 - 2008},
}

